@article{betts2003amino,
  title={Amino acid properties and consequences of substitutions},
  author={Betts, Matthew J and Russell, Robert B},
  year={2003}
}

@article{young1994adult,
  title={Adult amino acid requirements: the case for a major revision in current recommendations.},
  author={Young, Vernon R},
  journal={The Journal of nutrition},
  volume={124},
  number={8 Suppl},
  pages={1517S--1523S},
  year={1994}
}