@article{wang2014mir,
  title={miR-33a promotes glioma-initiating cell self-renewal via PKA and NOTCH pathways},
  author={Wang, Hui and Sun, Tao and Hu, Jing and Zhang, Rui and Rao, Yanhua and Wang, Shuai and Chen, Rui and McLendon, Roger E and Friedman, Allan H and Keir, Stephen T and others},
  journal={The Journal of clinical investigation},
  volume={124},
  number={10},
  pages={4489},
  year={2014},
  publisher={American Society for Clinical Investigation}
}

@article{bao2006glioma,
	title={Glioma stem cells promote radioresistance by preferential activation of the DNA damage response},
	author={Bao, Shideng and Wu, Qiulian and McLendon, Roger E and Hao, Yueling and Shi, Qing and Hjelmeland, Anita B and Dewhirst, Mark W and Bigner, Darell D and Rich, Jeremy N},
	journal={Nature},
	volume={444},
	number={7120},
	pages={756--760},
	year={2006},
	publisher={Nature Publishing Group}
}


@article{hu2014roles,
	title={Roles of miR-215 and regulatory mechanisms for its biogenesis in response to hypoxia in glioblastoma stem cells},
	author={Hu, Jing and Sun, Tao and Wang, Hui and Wang, Pingping and Fu, Xiang-Dong and Li, Qi-Jing and Wang, Xiao-Fan},
	journal={Cancer Research},
	volume={74},
	number={19 Supplement},
	pages={3536--3536},
	year={2014},
	publisher={AACR}
}
