@article{centers20152014,
  title={2014 Ebola outbreak in West Africa},
  author={Centers for Disease Control and others},
  year={2015}
}


@article{team2014ebola,
	title={Ebola virus disease in West Africa - the first 9 months of the epidemic and forward projections},
	author={Team, WHO Ebola Response},
	journal={N Engl J Med},
	volume={371},
	number={16},
	pages={1481--95},
	year={2014},
	publisher={Mass Medical Soc}
}

@article{levin2015ebola,
  title={Ebola: The Natural and Human History of a Deadly Virus By David Quammen},
  author={Levin-Sparenberg, Elizabeth and Gicquelais, Rachel and Blanco, Natalia and Ismail, Miriam D and Lee, Kyu Han and Foxman, Betsy},
  journal={American journal of epidemiology},
  volume={181},
  number={2},
  pages={151--151},
  year={2015},
  publisher={Oxford Univ Press}
}

@article{ready,
author = {Yourish, Karen and Buchanan Larry},
title = {{Is the U.S. Prepared for an Ebola Outbreak?}},
journal= {The New York Times},
date = {October 10th, 2014}
}


@article{wongcharacterization,
	title={Characterization of host immune responses in Ebola virus infections},
	author={Wong, Gary and Kobinger, Gary P and Qiu, Xiangguo}
}

@article{blast,
  title={Basic local alignment search tool},
  author={Altschul, Stephen F and Gish, Warren and Miller, Webb and Myers, Eugene W and Lipman, David J},
  journal={Journal of molecular biology},
  volume={215},
  number={3},
  pages={403--410},
  year={1990},
  publisher={Elsevier}
}


@article{cock2009biopython,
	title={Biopython: freely available Python tools for computational molecular biology and bioinformatics},
	author={Cock, Peter JA and Antao, Tiago and Chang, Jeffrey T and Chapman, Brad A and Cox, Cymon J and Dalke, Andrew and Friedberg, Iddo and Hamelryck, Thomas and Kauff, Frank and Wilczynski, Bartek and others},
	journal={Bioinformatics},
	volume={25},
	number={11},
	pages={1422--1423},
	year={2009},
	publisher={Oxford Univ Press}
}


@article{lorenz2011viennarna,
	title={ViennaRNA Package 2.0.},
	author={Lorenz, Ronny and Bernhart, Stephan HF and Zu Siederdissen, Christian Hoener and Tafer, Hakim and Flamm, Christoph and Stadler, Peter F and Hofacker, Ivo L and others},
	journal={Algorithms for Molecular Biology},
	volume={6},
	number={1},
	pages={26},
	year={2011}
}


@article{thompson2002multiple,
	title={Multiple sequence alignment using ClustalW and ClustalX},
	author={Thompson, Julie D and Gibson, Toby and Higgins, Des G and others},
	journal={Current protocols in bioinformatics},
	pages={2--3},
	year={2002},
	publisher={Wiley Online Library}
}

@article{lipid,
	author = {Emily P. Thi and Chad E. Mire and Amy C. H. Lee and Joan B. Geisbert and Joy Z. Zhou and Krystle N. Agans and Nicholas M. Snead and Daniel J. Deer and Trisha R. Barnard and Karla A. Fenton  and Ian MacLachlan and Thomas W. Geisbert},
	title = {Lipid nanoparticle siRNA treatment of Ebola-virus-Makona-infected nonhuman primates},
	journaltitle = {Nature},
	date = {22 April 2015 }
}


@article{geisbert2015emergency,
	title={Emergency Treatment for Exposure to Ebola Virus: The Need to Fast-Track Promising Vaccines},
	author={Geisbert, Thomas W},
	journal={JAMA},
	volume={313},
	number={12},
	pages={1221--1222},
	year={2015},
	publisher={American Medical Association}
}
